

@INPROCEEDINGS{6966893, 
author={S. Deb and H. K. Mondal}, 
booktitle={2014 25nd IEEE International Symposium on Rapid System Prototyping}, 
title={{``Wireless network-on-chip: a new era in multi-core chip design"}}, 
year={2014}, 
pages={59-64}, 
keywords={integrated circuit interconnections;network-on-chip;radio links;radio transceivers;telecommunication network routing;NoC technology;data exchange;embedded cores;multi-core chip design;multi-hop links;multi-hop wire interconnects;on-chip antennas;on-chip wireless links;planar metal interconnects;power consumption;routers;single-hop long-range wireless links;transceivers;wireless network-on-chip;Antennas;Network topology;Routing;System-on-chip;Topology;Transceivers;Wireless communication}, 
doi={10.1109/RSP.2014.6966893}, 
ISSN={2150-5500}, 
month={Oct},}

@INPROCEEDINGS{6272112, 
author={A. Vidapalapati and V. Vijayakumaran and A. Ganguly and A. Kwasinski}, 
booktitle={2012 IEEE International Symposium on Circuits and Systems}, 
title={{``NoC architectures with adaptive Code Division Multiple Access based wireless links"}}, 
year={2012}, 
pages={636-639}, 
keywords={code division multiple access;network-on-chip;radio links;wireless channels;NoC architecture;energy dissipation;long-range millimeter-wave wireless interconnects;media access control;multihop data transfer;networks-on-chips;shared wireless medium;traffic-adaptive code division multiple access scheme;wireless channels;wireless links;Antennas;Multiaccess communication;Switches;Topology;Transceivers;Transmitters;Wireless communication;CDMA;NoC;Wireless Interconnect}, 
doi={10.1109/ISCAS.2012.6272112}, 
ISSN={0271-4302}, 
month={May},}

@INPROCEEDINGS{5071456, 
author={L. P. Carloni and P. Pande and Y. Xie}, 
booktitle={Networks-on-Chip, 2009. NoCS 2009. 3rd ACM/IEEE International Symposium on}, 
title={{``Networks-on-chip in emerging interconnect paradigms: Advantages and challenges"}}, 
year={2009}, 
pages={93-102}, 
keywords={multiprocessor interconnection networks;nanophotonics;network-on-chip;optical communication;radio access networks;interconnect paradigms;multicore systems-on-chip;nanophotonic communication;networks-on-chip;three-dimensional integration;wireless interconnects;CMOS technology;Delay effects;Dielectric materials;Fabrics;Integrated circuit interconnections;Integrated circuit technology;Network-on-a-chip;Switches;Three-dimensional integrated circuits;Wire}, 
doi={10.1109/NOCS.2009.5071456}, 
month={May},}

@inproceedings{2015,
  title={{``A Dynamically Reconfigurable RF NoC for Many-Core"}},
  author={Bri{\`e}re, Alexandre and Denoulet, Julien and Pinna, Andrea and Granado, Bertrand and P{\^e}cheux, Francois and Unlu, Eren and Lou{\"e}t, Yves and Moy, Christophe},
  booktitle={Proceedings of the 25th edition on Great Lakes Symposium on VLSI},
  pages={139--144},
  year={2015},
  organization={ACM}
}

@ARTICLE{7404347, 
author={A. Karkar and T. Mak and K. F. Tong and A. Yakovlev}, 
journal={IEEE Circuits and Systems Magazine}, 
title={{``A Survey of Emerging Interconnects for On-Chip Efficient Multicast and Broadcast in Many-Cores"}}, 
year={2016}, 
volume={16}, 
number={1}, 
pages={58-72}, 
keywords={integrated circuit interconnections;multiprocessing systems;multiprocessor interconnection networks;network-on-chip;optical interconnections;parallel processing;performance evaluation;RF transmission lines;WiNoC;cost efficiency;high performance computing;interconnect fabrics;many-core processors;networks-on-chip;on-chip communication;on-chip efficient broadcast;on-chip efficient multicast;on-chip interconnects;optical interconnect;performance evaluation;state-of-the-art architectures;surface wave interconnects;wireless NoC;Bandwidth allocation;Integrated circuit interconnections;Multicast communication;Network-on-chip;Radio frequency;System-on-chip}, 
doi={10.1109/MCAS.2015.2510199}, 
ISSN={1531-636X}, 
month={Firstquarter},}

@ARTICLE{1459088, 
author={K. K. O and Kihong Kim and B. A. Floyd and J. L. Mehta and Hyun Yoon and Chih-Ming Hung and D. Bravo and T. O. Dickson and Xiaoling Guo and Ran Li and N. Trichy and J. Caserta and W. R. Bomstad and J. Branch and Dong-Jun Yang and J. Bohorquez and E. Seok and Li Gao and A. Sugavanam and J. J. Lin and Jie Chen and J. E. Brewer}, 
journal={IEEE Transactions on Electron Devices}, 
title={{``On-chip antennas in silicon ICs and their application"}}, 
year={2005}, 
volume={52}, 
number={7}, 
pages={1312-1323}, 
keywords={BiCMOS integrated circuits;CMOS digital integrated circuits;data communication equipment;integrated circuit packaging;microwave antennas;BiCMOS;RF radars;RF sensors;RFID tags;Si;clock distribution;digital CMOS technology;inter-chip data communication system;metal structure effect;on-chip antenna;on-chip data communication system;silicon IC;single-chip radio;wireless interconnects;CMOS digital integrated circuits;CMOS technology;Data communication;Foundries;Integrated circuit interconnections;Integrated circuit packaging;Integrated circuit technology;RFID tags;Silicon;System-on-a-chip;BiCMOS;CMOS;clock distribution;data communication;on-chip antenna;silicon;wireless}, 
doi={10.1109/TED.2005.850668}, 
ISSN={0018-9383}, 
month={July},}

@INPROCEEDINGS{5296159, 
author={H. Yordanov and P. Russer}, 
booktitle={Microwave Conference, 2009. EuMC 2009. European}, 
title={{``Wireless inter-chip and intra-chip communication"}}, 
year={2009}, 
pages={145-148}, 
keywords={integrated circuit interconnections;microstrip antennas;monolithic integrated circuits;antenna modes;antenna patches;antenna signals;broad-band signal transmission;chip-to-chip wireless communication;circuit interconnects;electromagnetic properties;electronic circuits;integrated on-chip antennas;monolithic integrated circuits;transmission line modes;wireless inter-chip communication;wireless intra-chip communication;Distributed parameter circuits;Electromagnetic modeling;Electronic circuits;Integrated circuit interconnections;Interference;Monolithic integrated circuits;Numerical models;Transmission line antennas;Transmitting antennas;Wireless communication}, 
month={Sept},}

@INPROCEEDINGS{6569587, 
author={A. Siligaris and F. Chaix and M. Pelissier and V. Puyal and J. Zevallos and L. Dussopt and P. Vincent}, 
booktitle={2013 IEEE Radio Frequency Integrated Circuits Symposium (RFIC)}, 
title={{``A low power 60-GHz 2.2-Gbps UWB transceiver with integrated antennas for short range communications"}}, 
year={2013}, 
pages={297-300}, 
keywords={CMOS integrated circuits;field effect MIMIC;millimetre wave antennas;millimetre wave oscillators;pulse generators;radio transceivers;silicon-on-insulator;ultra wideband communication;CMOS SOI;Si;bit rate 2.2 Gbit/s;bit rate 500 Mbit/s;frequency 60 GHz;integrated antennas;integrated transceiver;low cost QFN packaging;low power UWB transceiver;power consumption;pulse generator;short range communications;size 65 nm;super regenerator oscillator;transceiver energy efficiency;Antennas;Bit error rate;CMOS integrated circuits;Oscillators;Synchronization;Transceivers;Wireless communication;60 GHz;SRO;UWB;integrated antennas;mm-wave CMOS;transceiver;wireless}, 
doi={10.1109/RFIC.2013.6569587}, 
ISSN={1529-2517}, 
month={June},}

@INPROCEEDINGS{7459514, 
author={V. Catania and A. Mineo and S. Monteleone and M. Palesi and D. Patti}, 
booktitle={2016 Design, Automation Test in Europe Conference Exhibition (DATE)}, 
title={{``Energy efficient transceiver in wireless Network on Chip architectures"}}, 
year={2016}, 
pages={1321-1326}, 
keywords={clocks;elemental semiconductors;network-on-chip;silicon;transceivers;Si;WiNoC topology;clock cycles;communication energy budget;energy efficient transceiver;energy management scheme;on-chip communication;power hungry modules;radio-hubs;silicon area;wireless network-on-chip;Antennas;Buffer storage;Clocks;Receivers;Switches;Transceivers;Wireless communication;Energy saving;On-chip communication;Wireless NoC;analysis}, 
month={March},}

@ARTICLE{6302124, 
author={S. Deb and K. Chang and X. Yu and S. P. Sah and M. Cosic and A. Ganguly and P. P. Pande and B. Belzer and D. Heo}, 
journal={IEEE Transactions on Computers}, 
title={{``Design of an Energy-Efficient CMOS-Compatible NoC Architecture with Millimeter-Wave Wireless Interconnects"}}, 
year={2013}, 
volume={62}, 
number={12}, 
pages={2382-2396}, 
keywords={energy conservation;multiprocessing systems;network-on-chip;power aware computing;complimentary metal oxide semiconductors;data exchange;data routing;energy-efficient CMOS-compatible NoC architecture;hierarchical small-world wireless NoC architecture;millimeter-wave frequency range;millimeter-wave wireless interconnects;multicore chips;multihop links;network-on-chip;optimum wireless hubs placement;performance improvement;planar metal interconnects;single-hop long-range wireless shortcuts;Antennas;Computer architecture;Energy efficiency;Network-on-chip;Performance evaluation;System-on-a-chip;Wireless communication;Network-on-chip;millimeter-wave wireless;optimization;performance evaluation;small world}, 
doi={10.1109/TC.2012.224}, 
ISSN={0018-9340}, 
month={Dec},}

@ARTICLE{6197727, 
author={S. Deb and A. Ganguly and P. P. Pande and B. Belzer and D. Heo}, 
journal={IEEE Journal on Emerging and Selected Topics in Circuits and Systems}, 
title={{``Wireless NoC as Interconnection Backbone for Multicore Chips: Promises and Challenges"}}, 
year={2012}, 
volume={2}, 
number={2}, 
pages={228-239}, 
keywords={integrated circuit interconnections;network routing;network-on-chip;radio links;radio transceivers;SoC design;WiNoC architecture;data exchange;device density;embedded core;high-bandwidth single-hop long-range wireless links;interconnect routing;interconnection backbone;latency;molecular-scale computing;multicore chips;multihop links;multihop wired path;network-on-chip;on-chip antenna;on-chip wireless links;order-of-magnitude improvement;planar metal interconnects;power consumption;router;single die;systems-on-chips;transceiver;wireless NoC;Integrated circuit interconnections;Metals;System-on-a-chip;Transceivers;Transmitting antennas;Wireless communication;Bandwidth;energy dissipation;network-on-chip (NoC);wireless interconnect}, 
doi={10.1109/JETCAS.2012.2193835}, 
ISSN={2156-3357}, 
month={June},}

@INPROCEEDINGS{7092442, 
author={A. Mineo and M. S. Rusli and M. Palesi and G. Ascia and V. Catania and M. N. Marsono}, 
booktitle={2015 Design, Automation Test in Europe Conference Exhibition (DATE)}, 
title={{``A closed loop transmitting power self-calibration scheme for energy efficient WiNoC architectures"}}, 
year={2015}, 
pages={513-518}, 
keywords={low-power electronics;network-on-chip;radio transceivers;closed loop transmitting power self-calibration scheme;energy efficient WiNoC architectures;integrated on-chip antennas;radio transceiver;transceiver architecture;wireless Network-on-Chip;Antennas;Attenuation;Bit error rate;Radio transmitters;Receivers;Transceivers;Wireless communication}, 
doi={10.7873/DATE.2015.0664}, 
ISSN={1530-1591}, 
month={March},}

@ARTICLE{4290322, 
author={E. Socher and M. C. F. Chang}, 
journal={IEEE Communications Magazine}, 
title={{``Can RF Help CMOS Processors? [Topics in Circuits for Communications]"}}, 
year={2007}, 
volume={45}, 
number={8}, 
pages={104-111}, 
keywords={CMOS digital integrated circuits;code division multiple access;frequency division multiple access;integrated circuit interconnections;radiofrequency integrated circuits;CMOS processors;Moores law;RF applications;band-wireless RF communication;code division multiple access techniques;digital circuits;digital systems;dubbed RF Interconnect;frequency division multiple access technique;on-board application;on-chip applications;parallel unidirectional time-shared bus;reconfigurable communication;wired communication speed;Application software;CMOS digital integrated circuits;CMOS process;CMOS technology;Costs;Digital circuits;High performance computing;Moore's Law;Radio frequency;Wires}, 
doi={10.1109/MCOM.2007.4290322}, 
ISSN={0163-6804}, 
month={August},}

@ARTICLE{4303132, 
author={X. Wang and T. Ahonen and J. Nurmi}, 
journal={IEEE Transactions on Very Large Scale Integration (VLSI) Systems}, 
title={{``Applying CDMA Technique to Network-on-Chip"}}, 
year={2007}, 
volume={15}, 
number={10}, 
pages={1091-1100}, 
keywords={asynchronous circuits;code division multiple access;hardware description languages;network-on-chip;packet switching;CDMA technique;VHDL;code-division multiple access technique;data communication media;data transfer latency;globally-asynchronous locally-synchronous communication scheme;on-chip bidirectional ring topology network;on-chip packet switched communication network;packet switched network-on-chip;register-transfer level;Communication networks;Communication switching;Delay;Multiaccess communication;Network topology;Network-on-a-chip;Packet switching;Switches;Switching circuits;System-on-a-chip;Code-division multiple access (CDMA);integrated circuit (IC) design;network-on-chip (NoC)}, 
doi={10.1109/TVLSI.2007.903914}, 
ISSN={1063-8210}, 
month={Oct},}

@ARTICLE{5551123, 
author={A. Ganguly and K. Chang and S. Deb and P. P. Pande and B. Belzer and C. Teuscher}, 
journal={IEEE Transactions on Computers}, 
title={{``Scalable Hybrid Wireless Network-on-Chip Architectures for Multicore Systems"}}, 
year={2011}, 
volume={60}, 
number={10}, 
pages={1485-1502}, 
keywords={multiprocessing systems;network-on-chip;WiNoC architecture;energy dissipation;material innovation;miniaturized on-chip antenna;multicore SoC;multicore platform;multicore system;network throughput;network-on-chip paradigm;on-chip wireless communication network;revolutionary methodology;scalable hybrid wireless network-on-chip architecture;system-on-chips;traffic pattern;wireless NoC;Antennas;Computer architecture;Magnetic cores;Measurement;Metals;System-on-a-chip;Wireless communication;Network-on-chip;multicore;on-chip antenna;small-world network.;wireless communication}, 
doi={10.1109/TC.2010.176}, 
ISSN={0018-9340}, 
month={Oct},}

@INPROCEEDINGS{6558400, 
author={D. DiTomaso and A. Kodi and D. Matolak and S. Kaya and S. Laha and W. Rayess}, 
booktitle={Networks on Chip (NoCS), 2013 Seventh IEEE/ACM International Symposium on}, 
title={{``Energy-efficient adaptive wireless NoCs architecture"}}, 
year={2013}, 
pages={1-8}, 
keywords={channel allocation;integrated circuit design;integrated circuit interconnections;microprocessor chips;network-on-chip;A-WiNoC;NoC design;adaptive wireless NoC architecture;chip multiprocessor;communication fabric;energy efficiency;intercore communication;link utilization statistics;metallic interconnect;multicore system;network-on-chip design;on-chip wireless interconnect;token sharing scheme;wireless channel reallocation;wireless transceiver;Bandwidth;CMOS integrated circuits;Market research;Transceivers;Transmitters;Wireless communication;Wires}, 
doi={10.1109/NoCS.2013.6558400}, 
month={April},}

@INPROCEEDINGS{7459513, 
author={H. K. Mondal and S. H. Gade and R. Kishore and S. Deb}, 
booktitle={2016 Design, Automation Test in Europe Conference Exhibition (DATE)}, 
title={{``Adaptive multi-voltage scaling in wireless NoC for high performance low power applications"}}, 
year={2016}, 
pages={1315-1320}, 
keywords={energy conservation;low-power electronics;network-on-chip;power consumption;radio links;AMS;WI components;adaptive multivoltage scaling;communication infrastructure;dynamic power consumption;dynamic reconfigurable systems;energy consumption;energy efficient WNoC;high performance low power applications;multicore processors;multihop long distance communication reduction;network-on-chip;packet energy dissipation;power gating;real traffic patterns;routers;single hop long range wireless links;static power dissipation;synthetic traffic patterns;wired interconnects;wireless NoC;wireless interface;Computer architecture;Energy consumption;Energy efficiency;Power demand;Power dissipation;Switches;Wireless communication;adaptive multi-voltages scaling;energy efficient on-chip communication;high performance;low power design;power-gating;wireless network-on-chip}, 
month={March},}

@INPROCEEDINGS{5739027, 
author={C. Wang and W. H. Hu and N. Bagherzadeh}, 
booktitle={2011 19th International Euromicro Conference on Parallel, Distributed and Network-Based Processing}, 
title={{``A Wireless Network-on-Chip Design for Multicore Platforms"}}, 
year={2011}, 
pages={409-416}, 
keywords={logic design;multiprocessing systems;network-on-chip;radio networks;radiocommunication;reliability;IP cores;multicore platform;on-chip antennas;on-chip communication infrastructure;on-chip interconnection;on-chip wireless communication;reliability;system performance;wireless communications;wireless network-on-chip design;Algorithm design and analysis;CMOS integrated circuits;Routing;System recovery;System-on-a-chip;Throughput;Wireless communication;Network-on-Chip (NoC);On-chip wireless interconnect;Wireless Network-on-Chip (WNoC)}, 
doi={10.1109/PDP.2011.37}, 
ISSN={1066-6192}, 
month={Feb},}

@INPROCEEDINGS{7434928, 
author={T. Shreedhar and S. Deb}, 
booktitle={2016 29th International Conference on VLSI Design and 2016 15th International Conference on Embedded Systems (VLSID)}, 
title={{``Hierarchical Cluster Based NoC Design Using Wireless Interconnects for Coherence Support"}}, 
year={2016}, 
pages={63-68}, 
keywords={cache storage;dielectric materials;integrated circuit interconnections;microprocessor chips;multiprocessing systems;network-on-chip;GEM5;L2 access latency;L2 miss rate;NoC design;PARSEC;SPLASH2;cache coherence algorithm;cache coherence problem;hybrid NoC;memory overhead;memory requests;miss latency;multicore hierarchical cluster;multihop communication;network-on-chip;nonclustered directory architecture;planar metal-dielectric interconnects;shared memory multicore systems;wired interconnects;wireless interconnects;Clustering algorithms;Coherence;Multicore processing;Protocols;Spread spectrum communication;Wireless communication;Cache Coherence;Chip Multiprocessor (CMP);GEM5;Multicores;Network-on-Chip (NoC);PARSEC;SPLASH2;Wireless Interconnects (WI)}, 
doi={10.1109/VLSID.2016.54}, 
month={Jan},}

@INPROCEEDINGS{6513612, 
author={D. Dutoit and E. Guthmuller and I. Miro-Panades}, 
booktitle={Design, Automation Test in Europe Conference Exhibition (DATE), 2013}, 
title={{``3D integration for power-efficient computing"}}, 
year={2013}, 
pages={779-784}, 
keywords={Bandwidth;Memory management;Power demand;Random access memory;Stacking;Three-dimensional displays}, 
doi={10.7873/DATE.2013.166}, 
ISSN={1530-1591}, 
month={March},}

@ARTICLE{4378783, 
author={Y. Hoskote and S. Vangal and A. Singh and N. Borkar and S. Borkar}, 
journal={IEEE Micro}, 
title={{``A 5-GHz Mesh Interconnect for a Teraflops Processor"}}, 
year={2007}, 
volume={27}, 
number={5}, 
pages={51-61}, 
keywords={logic design;multiprocessor interconnection networks;network-on-chip;2D on-die mesh interconnection network;Teraflops processor;bisection bandwidth;frequency 5 GHz;multicore processor;network-on-chip;Bandwidth;Delay;Engines;Intelligent networks;Multiprocessor interconnection networks;Network-on-a-chip;Power dissipation;Scalability;CMOS digital integrated circuits;crossbar;interconnection fabric;mesh;network on chip;router}, 
doi={10.1109/MM.2007.4378783}, 
ISSN={0272-1732}, 
month={Sept},}

@article{2006,
  title={{``From a few cores to many: A tera-scale computing research overview"}},
  author={Held, Jim and Bautista, Jerry and Koehl, Sean},
  journal={white paper, Intel},
  year={2006},
}

@ARTICLE{976921, 
author={L. Benini and G. De Micheli}, 
journal={Computer}, 
title={{``Networks on chips: a new SoC paradigm"}}, 
year={2002}, 
volume={35}, 
number={1}, 
pages={70-78}, 
keywords={hardware-software codesign;microprocessor chips;multiprocessor interconnection networks;reconfigurable architectures;SoC design methodologies;SoC paradigm;average values;complex SoCs;complex electronic engines;design objectives;deterministic models;future SoC designs;hardware design;integrated solution;interacting system-on-chip components;interconnecting components;layered methodology;layered micronetwork design methodology;modular component-based approach;networks on chips;on-chip micronetworks;plug-and-play fashion;probabilistic metrics;process technologies;software design;stochastic models;system on chip;time-to-market pressure;Consumer electronics;Design methodology;Engines;Fasteners;Multimedia systems;Network-on-a-chip;Process design;System-on-a-chip;Telecommunication network reliability;Time to market}, 
doi={10.1109/2.976921}, 
ISSN={0018-9162}, 
month={Jan},}

@misc{2709201601,
  author = {Tilera},
  title = {{TILE-GX72} processor [online]},
  year = 2016,
  howpublished = {\url{http://www.mellanox.com/related-docs/prod_multi_core/PB_TILE-Gx72.pdf}},
  urldate = {2016-09-21}
}

@misc{2709201602,
  author = {R. Courtland },
  title = {{``What intels xeon phi coprocessor means for the future of supercomputing"}, [online]},
  year = {2013},
  month={Jul},
  howpublished = {\url{http://spectrum.ieee.org/semiconductors/processors/what-intels-xeon-phi-coprocessor-means-for-the-future-of-supercomputing}},
  urldate = {2013-06-24}
}

@INPROCEEDINGS{5540799, 
author={S. Deb and A. Ganguly and K. Chang and P. Pande and B. Beizer and D. Heo}, 
booktitle={ASAP 2010 - 21st IEEE International Conference on Application-specific Systems, Architectures and Processors}, 
title={{``Enhancing performance of network-on-chip architectures with millimeter-wave wireless interconnects"}}, 
year={2010}, 
pages={73-80}, 
keywords={Bandwidth;Delay;Design methodology;Fabrics;Millimeter wave communication;Millimeter wave technology;Network-on-a-chip;Power dissipation;Power system interconnection;Spread spectrum communication}, 
doi={10.1109/ASAP.2010.5540799}, 
ISSN={1063-6862}, 
month={July},}

@inproceedings{lee2009scalable,
  title={{``A scalable micro wireless interconnect structure for CMPs"}},
  author={Lee, Suk-Bok and Tam, Sai-Wang and Pefkianakis, Ioannis and Lu, Songwu and Chang, M Frank and Guo, Chuanxiong and Reinman, Glenn and Peng, Chunyi and Naik, Mishali and Zhang, Lixia and others},
  booktitle={Proceedings of the 15th annual international conference on Mobile computing and networking},
  pages={217--228},
  year={2009},
  organization={ACM}
}

@ARTICLE{4531729, 
author={D. Zhao and Y. Wang}, 
journal={IEEE Transactions on Computers}, 
title={{``SD-MAC: Design and Synthesis of a Hardware-Efficient Collision-Free QoS-Aware MAC Protocol for Wireless Network-on-Chip"}},
year={2008}, 
volume={57}, 
number={9}, 
pages={1230-1245}, 
keywords={access protocols;network-on-chip;quality of service;ultra wideband technology;CMOS UWB wireless interconnect technology;collision-free QoS-aware MAC protocol;communication efficiency;distributed medium access control protocol;hardware-efficient MAC protocol;onchip communication system;wireless network-on-chip;Bridges;Computer networks;Media Access Protocol;Network synthesis;Network-on-a-chip;Pervasive computing;Radio frequency;System-on-a-chip;Throughput;Wireless application protocol;Multi-core/single-chip multiprocessors;On-chip interconnection networks}, 
doi={10.1109/TC.2008.86}, 
ISSN={0018-9340}, 
month={Sept},}

@INPROCEEDINGS{6041529, 
author={D. DiTomaso and A. Kodi and S. Kaya and D. Matolak}, 
booktitle={2011 IEEE 19th Annual Symposium on High Performance Interconnects}, 
title={{''iWISE: Inter-router Wireless Scalable Express Channels for Network-on-Chips (NoCs) Architecture"}}, 
year={2011}, 
pages={11-18}, 
keywords={network-on-chip;telecommunication network routing;wireless channels;NoC architecture;PARSEC;SPEC2006;Splash-2;communication infrastructure;electrical topology;hybrid wireless communication channels;iWISE;interrouter wireless scalable express channels;network-on-chip architecture;power consumption;wireless networks;wireless topology;wiring complexity;Antennas;Bandwidth;Receivers;Transceivers;Wireless communication;Wireless sensor networks;Wires;Chip Multiprocessors;On-chip Interconnects;Wireless Technology}, 
doi={10.1109/HOTI.2011.12}, 
ISSN={1550-4794}, 
month={Aug},}

@INPROCEEDINGS{7062254, 
author={J. Chen and Yen-Han Lai}, 
booktitle={Communication Problem-Solving (ICCP), 2014 IEEE International Conference on}, 
title={A study of CSMA-based and token-based wireless interconnects network-on-chip}, 
year={2014}, 
pages={205-209}, 
keywords={carrier sense multiple access;multiprocessing systems;network-on-chip;CSMA;WiNoC;carrier sense multiple access;chip multi-processors;round-robin manner;token passing multiple access scheme;token-based wireless interconnects network-on-chip;wireless network-on-chip;Delays;Multiaccess communication;Network-on-chip;Protocols;Throughput;Wireless communication;Wireless sensor networks;carrier sense;latency;network-on-chip;token;wireleess}, 
doi={10.1109/ICCPS.2014.7062254}, 
month={Dec},}

@ARTICLE{6339016, 
author={K. Okada and K. Kondou and M. Miyahara and M. Shinagawa and H. Asada and R. Minami and T. Yamaguchi and A. Musa and Y. Tsukui and Y. Asakura and S. Tamonoki and H. Yamagishi and Y. Hino and T. Sato and H. Sakaguchi and N. Shimasaki and T. Ito and Y. Takeuchi and N. Li and Q. Bu and R. Murakami and K. Bunsen and K. Matsushita and M. Noda and A. Matsuzawa}, 
journal={IEEE Journal of Solid-State Circuits}, 
title={Full Four-Channel 6.3-Gb/s 60-GHz CMOS Transceiver With Low-Power Analog and Digital Baseband Circuitry}, 
year={2013}, 
volume={48}, 
number={1}, 
pages={46-65}, 
keywords={CMOS integrated circuits;analogue-digital conversion;digital-analogue conversion;field effect MIMIC;parity check codes;quadrature amplitude modulation;quadrature phase shift keying;radio transceivers;16QAM wireless communication;ADC;CMOS front-end;DAC;LDPC decoder;PHY functions;QPSK;bit rate 2304 Mbit/s;bit rate 3.1 Gbit/s;bit rate 3456 Mbit/s;bit rate 6.3 Gbit/s;bit rate 7 Gbit/s;direct-conversion RF baseband transceiver;direct-conversion RF front-end transceiver;frequency 60 GHz;full four-channel CMOS transceiver;low-power analog baseband circuitry;low-power digital baseband circuitry;organic package;power 11 mW;power 12 mW;power 196 mW;power 223 mW;power 319 mW;power 427 mW;power 74 mW;receiving mode;size 40 nm;size 65 nm;transmitting mode;Baseband;CMOS integrated circuits;Mixers;Noise;Phase shift keying;Radio frequency;Transceivers;16QAM;60 GHz;Baseband;CMOS;IEEE802.15.3c;LDPC;direct conversion;injection-locked oscillator;millimeter wave;transceiver}, 
doi={10.1109/JSSC.2012.2218066}, 
ISSN={0018-9200}, 
month={Jan},}